<record><leader>00000cas a22000007a 4500</leader><controlfield tag="001">24526464</controlfield><controlfield tag="008">911010d189919uunyuwr ne      0    0eng d</controlfield><datafield ind1=" " ind2=" " tag="010"><subfield code="a">sn 91066767 </subfield></datafield><datafield ind1=" " ind2=" " tag="040"><subfield code="a">NYS</subfield><subfield code="b">eng</subfield><subfield code="c">NYS</subfield><subfield code="d">OCLCQ</subfield></datafield><datafield ind1=" " ind2=" " tag="042"><subfield code="a">msc</subfield></datafield><datafield ind1="0" ind2=" " tag="130"><subfield code="a">Clinton advertiser (Clinton, N.Y.)</subfield></datafield><datafield ind1="1" ind2="4" tag="245"><subfield code="a">The Clinton advertiser.</subfield></datafield><datafield ind1=" " ind2=" " tag="260"><subfield code="a">Clinton, N.Y. :</subfield><subfield code="b">H. Platt Osborne</subfield></datafield><datafield ind1=" " ind2=" " tag="300"><subfield code="a">v.</subfield></datafield><datafield ind1=" " ind2=" " tag="310"><subfield code="a">Weekly</subfield></datafield><datafield ind1="0" ind2=" " tag="362"><subfield code="a">Vol. 1, no. 1 (Dec. 16, 1899)-</subfield></datafield><datafield ind1=" " ind2="4" tag="651"><subfield code="a">Clinton (N.Y.)</subfield><subfield code="v">Newspapers.</subfield></datafield><datafield ind1=" " ind2=" " tag="752"><subfield code="a">United States</subfield><subfield code="b">New York</subfield><subfield code="c">Clinton</subfield><subfield code="d">Clinton.</subfield></datafield><datafield ind1="0" ind2="4" tag="785"><subfield code="t">Clinton courier (Clinton, N.Y.)</subfield><subfield code="w">(DLC)sn 83031554</subfield></datafield><datafield ind1="1" ind2=" " tag="029"><subfield code="a">AU@</subfield><subfield code="b">000025852675</subfield></datafield></record>